@Article{banerjee2004parametric,
  author    = {S. Banerjee and B. P. Carlin},
  title     = {Parametric Spatial Cure Rate Models for Interval-Censored Time-to-Relapse Data},
  journal   = {Biometrics},
  year      = {2004},
  volume    = {60},
  number    = {1},
  pages     = {268--275},
  publisher = {Wiley Online Library},
}

@Article{chatterjee2001bivariate,
  author    = {N. Chatterjee and J. Shih},
  title     = {A Bivariate Cure-Mixture Approach for Modeling Familial Association in Diseases},
  journal   = {Biometrics},
  year      = {2001},
  volume    = {57},
  number    = {3},
  pages     = {779--786},
  publisher = {Wiley Online Library},
}

@Article{cai2012smcure,
  author    = {C. Cai and Y. Zou and Y. Peng and J. Zhang},
  title     = {smcure: {A}n {R}-Package for estimating semiparametric mixture cure models},
  journal   = {Comput Methods Programs Biomed},
  year      = {2012},
  volume    = {108},
  number    = {3},
  pages     = {1255--1260},
  publisher = {Elsevier},
}

@Article{farewell1982use,
  author    = {V. T. Farewell},
  title     = {The use of mixture models for the analysis of survival data with long-term survivors},
  journal   = {Biometrics},
  year      = {1982},
  pages     = {1041--1046},
  publisher = {JSTOR},
}

@Article{farewell1986mixture,
  author    = {V. T. Farewell},
  title     = {Mixture models in survival analysis: {A}re they worth the risk?},
  journal   = {Canadian Journal of Statistics},
  year      = {1986},
  volume    = {14},
  number    = {3},
  pages     = {257--262},
  publisher = {Wiley Online Library},
}

@Article{li2002semi,
  author    = {C.-S. Li and J. M. G. Taylor},
  title     = {A semi-parametric accelerated failure time cure model},
  journal   = {Stat Med},
  year      = {2002},
  volume    = {21},
  number    = {21},
  pages     = {3235--3247},
  publisher = {Wiley Online Library},
}

@Article{peng1998generalized,
  author  = {Y. Peng and K.B.G. Dear and J.W. Denham},
  title   = {A generalized {F} mixture model for cure rate estimation},
  journal = {Stat Med},
  year    = {1998},
  volume  = {17},
  number  = {8},
  pages   = {813--830},
}

@Article{peng2000nonparametric,
  author    = {Y. Peng and K.B.G. Dear},
  title     = {A nonparametric mixture model for cure rate estimation},
  journal   = {Biometrics},
  year      = {2000},
  volume    = {56},
  number    = {1},
  pages     = {237--243},
  publisher = {Wiley Online Library},
}

@Article{sy2000estimation,
  author    = {J. P. Sy and J. M. G. Taylor},
  title     = {Estimation in a Cox proportional hazards cure model},
  journal   = {Biometrics},
  year      = {2000},
  volume    = {56},
  number    = {1},
  pages     = {227--236},
  publisher = {Wiley Online Library},
}

@Article{tsodikov1998proportional,
  author    = {A. Tsodikov},
  title     = {A proportional hazards model taking account of long-term survivors},
  journal   = {Biometrics},
  year      = {1998},
  pages     = {1508--1516},
  publisher = {JSTOR},
}

@Article{maller1992estimating,
  author    = {R. A. Maller and S. Zhou},
  title     = {Estimating the proportion of immunes in a censored sample},
  journal   = {Biometrika},
  year      = {1992},
  volume    = {79},
  number    = {4},
  pages     = {731--739},
  publisher = {Oxford University Press},
}

@Article{kaplan1958nonparametric,
  author    = {E.L. Kaplan and P. Meier},
  title     = {Nonparametric estimation from incomplete observations},
  journal   = {Journal of the American Statistical Association},
  year      = {1958},
  volume    = {53},
  number    = {282},
  pages     = {457--481},
  publisher = {Taylor \& Francis},
}

@Article{tsodikov2002semi,
  author    = {A. Tsodikov},
  title     = {Semi-parametric models of long-and short-term survival: {A}n application to the analysis of breast cancer survival in {U}tah by age and stage},
  journal   = {Stat Med},
  year      = {2002},
  volume    = {21},
  number    = {6},
  pages     = {895--920},
  publisher = {Wiley Online Library},
}

@Article{tsodikov2001estimation,
  author    = {A. Tsodikov},
  title     = {Estimation of survival based on proportional hazards when cure is a possibility},
  journal   = {Mathematical and Computer Modelling},
  year      = {2001},
  volume    = {33},
  number    = {12-13},
  pages     = {1227--1236},
  publisher = {Elsevier},
}

@Article{tsodikov1998cure,
  author    = {A. Tsodikov and M. Loeffler and A. Yakovlev},
  title     = {A cure model with time-changing risk factor: {A}n application to the analysis of secondary leukaemia. {A} report from the International Database on {H}odgkin's Disease},
  journal   = {Stat Med},
  year      = {1998},
  volume    = {17},
  number    = {1},
  pages     = {27--40},
  publisher = {Wiley Online Library},
}

@Article{tsodikov2003semiparametric,
  author    = {A. Tsodikov},
  title     = {Semiparametric models: {A} generalized self-consistency approach},
  journal   = {Journal of the Royal Statistical Society: Series B (Statistical Methodology)},
  year      = {2003},
  volume    = {65},
  number    = {3},
  pages     = {759--774},
  publisher = {Wiley Online Library},
}

@Article{tsodikov2003estimating,
  author    = {A. Tsodikov and J. G. Ibrahim and A. Y. Yakovlev},
  title     = {Estimating cure rates from survival data: {A}n alternative to two-component mixture models},
  journal   = {Journal of the American Statistical Association},
  year      = {2003},
  volume    = {98},
  number    = {464},
  pages     = {1063--1078},
  publisher = {Taylor \& Francis},
}

@Article{chen1999new,
  author    = {M.-H. Chen and J. G. Ibrahim and D. Sinha},
  title     = {A new Bayesian model for survival data with a surviving fraction},
  journal   = {Journal of the American Statistical Association},
  year      = {1999},
  volume    = {94},
  number    = {447},
  pages     = {909--919},
  publisher = {Taylor \& Francis},
}

@Article{andersen2003generalised,
  author    = {P.K. Andersen and J.P. Klein and S. Rosth{\o}j},
  title     = {Generalised linear models for correlated pseudo-observations, with applications to multi-state models},
  journal   = {Biometrika},
  year      = {2003},
  volume    = {90},
  number    = {1},
  pages     = {15--27},
  publisher = {Oxford University Press},
}

@Article{liang1986longitudinal,
  author    = {K.-Y. Liang and S.L. Zeger},
  title     = {Longitudinal data analysis using generalized linear models},
  journal   = {Biometrika},
  year      = {1986},
  volume    = {73},
  number    = {1},
  pages     = {13--22},
  publisher = {Oxford University Press},
}

@Article{klein2005regression,
  author    = {J.P. Klein and P.K. Andersen},
  title     = {Regression modeling of competing risks data based on pseudovalues of the cumulative incidence function},
  journal   = {Biometrics},
  year      = {2005},
  volume    = {61},
  number    = {1},
  pages     = {223--229},
  publisher = {Wiley Online Library},
}

@Article{graw2009pseudo,
  author    = {F. Graw and T.A. Gerds and M. Schumacher},
  title     = {On pseudo-values for regression analysis in competing risks models},
  journal   = {Lifetime Data Analysis},
  year      = {2009},
  volume    = {15},
  number    = {2},
  pages     = {241--255},
  publisher = {Springer},
}

@Article{su2020causal,
  author  = {C.-L. Su and R.W. Platt and Plante, J.-F.},
  title   = {Causal inference for recurrent event data using pseudo-observations},
  journal = {Biostatistics},
  year    = {2020},
}

@Article{wang2012penalized,
  author    = {L. Wang and J. Zhou and A. Qu},
  title     = {Penalized generalized estimating equations for high-dimensional longitudinal data analysis},
  journal   = {Biometrics},
  year      = {2012},
  volume    = {68},
  number    = {2},
  pages     = {353--360},
  publisher = {Wiley Online Library},
}

@Article{Halekoh2006,
  author  = {U. Halekoh and S. HÃ¸jsgaard and J. Yan},
  title   = {The {R} Package geepack for Generalized Estimating Equations},
  journal = {Journal of Statistical Software},
  year    = {2006},
  volume  = {15/2},
  pages   = {1--11},
}

@Article{klein2008sas,
  author    = {J.P. Klein and M. Gerster and P.K. Andersen and S. Tarima and M.P. Perme},
  title     = {{SAS} and {R} functions to compute pseudo-values for censored data regression},
  journal   = {Computer Methods and Programs in Biomedicine},
  year      = {2008},
  volume    = {89},
  number    = {3},
  pages     = {289--300},
  publisher = {Elsevier},
}

@Article{jacobsen2016note,
  author    = {M. Jacobsen and T. Martinussen},
  title     = {A note on the large sample properties of estimators based on generalized linear models for correlated pseudo-observations},
  journal   = {Scandinavian Journal of Statistics},
  year      = {2016},
  volume    = {43},
  number    = {3},
  pages     = {845--862},
  publisher = {Wiley Online Library},
}

@Article{overgaard2017asymptotic,
  author    = {M. Overgaard and E.T. Parner and J. Pedersen},
  title     = {Asymptotic theory of generalized estimating equations based on jack-knife pseudo-observations},
  journal   = {Ann Stat},
  year      = {2017},
  volume    = {45},
  number    = {5},
  pages     = {1988--2015},
  publisher = {Institute of Mathematical Statistics},
}

@Article{yakovlev1993simple,
  author    = {A.Y. Yakovlev and B. Asselain and V.J. Bardou and A. Fourquet and T. Hoang and A. Rochefediere and A.D. Tsodikov},
  title     = {A simple stochastic model of tumor recurrence and its application to data on premenopausal breast cancer},
  journal   = {Biometrie et Analyse de Donnees SpatioTemporelles},
  year      = {1993},
  volume    = {12},
  pages     = {66--82},
  publisher = {Soci{\'e}t{\'e} Fran{\c{c}}aise de Biom{\'e}trie, ENSA Rennes France},
}

@Article{sposto2002cure,
  author    = {R. Sposto},
  title     = {Cure model analysis in cancer: {A}n application to data from the {C}hildren's {C}ancer {G}roup},
  journal   = {Stat Med},
  year      = {2002},
  volume    = {21},
  number    = {2},
  pages     = {293--312},
  publisher = {Wiley Online Library},
}

@Article{sabathe2020regression,
  author    = {C. Sabath{\'e} and P.K. Andersen and C. Helmer and T.A. Gerds and H. Jacqmin-Gadda and P. Joly},
  title     = {Regression analysis in an illness-death model with interval-censored data: {A} pseudo-value approach},
  journal   = {Statistical Methods in Medical Research},
  year      = {2020},
  volume    = {29},
  number    = {3},
  pages     = {752--764},
  publisher = {SAGE Publications Sage UK: London, England},
}

@Article{andrei2007regression,
  author    = {A.-C. Andrei and S. Murray},
  title     = {Regression models for the mean of the quality-of-life-adjusted restricted survival time using pseudo-observations},
  journal   = {Biometrics},
  year      = {2007},
  volume    = {63},
  number    = {2},
  pages     = {398--404},
  publisher = {Wiley Online Library},
}

@Article{klein2007analyzing,
  author    = {J.P. Klein and B. Logan and M. Harhoff and P.K. Andersen},
  title     = {Analyzing survival curves at a fixed point in time},
  journal   = {Stat Med},
  year      = {2007},
  volume    = {26},
  number    = {24},
  pages     = {4505--4519},
  publisher = {Wiley Online Library},
}

@Article{nicolaie2013dynamic,
  author    = {M. A. Nicolaie and J. C. van Houwelingen and T. M. de Witte and H. Putter},
  title     = {Dynamic pseudo-observations: {A} robust approach to dynamic prediction in competing risks},
  journal   = {Biometrics},
  year      = {2013},
  volume    = {69},
  number    = {4},
  pages     = {1043--1052},
  publisher = {Wiley Online Library},
}

@Article{pavlivc2019using,
  author    = {K. Pavli{\v{c}} and M. Pohar Perme},
  title     = {Using pseudo-observations for estimation in relative survival},
  journal   = {Biostatistics},
  year      = {2019},
  volume    = {20},
  number    = {3},
  pages     = {384--399},
  publisher = {Oxford University Press},
}

@Article{liu2012variable,
  author    = {X. Liu and Y. Peng and D. Tu and H. Liang},
  title     = {Variable selection in semiparametric cure models based on penalized likelihood, with application to breast cancer clinical trials},
  journal   = {Stat Med},
  year      = {2012},
  volume    = {31},
  number    = {24},
  pages     = {2882--2891},
  publisher = {Wiley Online Library},
}

@Article{sun2019variable,
  author    = {L. Sun and S. Li and L.. Wang and X. Song},
  title     = {Variable selection in semiparametric nonmixture cure model with interval-censored failure time data: {A}n application to the prostate cancer screening study},
  journal   = {Stat Med},
  year      = {2019},
  volume    = {38},
  number    = {16},
  pages     = {3026--3039},
  publisher = {Wiley Online Library},
}

@Article{tibshirani1996regression,
  author    = {R. Tibshirani},
  title     = {Regression shrinkage and selection via the lasso},
  journal   = {Journal of the Royal Statistical Society: Series B (Methodological)},
  year      = {1996},
  volume    = {58},
  number    = {1},
  pages     = {267--288},
  publisher = {Wiley Online Library},
}

@Article{Fan2001,
  author    = {J. Fan and R. Li},
  title     = {Variable selection via nonconcave penalized likelihood and its oracle properties},
  journal   = {Journal of the American Statistical Association},
  year      = {2001},
  volume    = {96},
  number    = {456},
  pages     = {1348--1360},
  publisher = {Taylor \& Francis},
}

@Article{masud2018variable,
  author    = {A. Masud and W. Tu and Z. Yu},
  title     = {Variable selection for mixture and promotion time cure rate models},
  journal   = {Statistical Methods in Medical Research},
  year      = {2018},
  volume    = {27},
  number    = {7},
  pages     = {2185--2199},
  publisher = {SAGE Publications Sage UK: London, England},
}

@Article{zou2005regularization,
  author    = {H. Zou and T. Hastie},
  title     = {Regularization and variable selection via the elastic net},
  journal   = {Journal of the Royal Statistical Society: Series B (Statistical Methodology)},
  year      = {2005},
  volume    = {67},
  number    = {2},
  pages     = {301--320},
  publisher = {Wiley Online Library},
}

@Article{zou2006adaptive,
  author    = {H. Zou},
  title     = {The adaptive lasso and its oracle properties},
  journal   = {Journal of the American Statistical Association},
  year      = {2006},
  volume    = {101},
  number    = {476},
  pages     = {1418--1429},
  publisher = {Taylor \& Francis},
}

@Article{kirkwood1996interferon,
  author  = {J.M. Kirkwood and M.H. Strawderman and M.S. Ernstoff and T.J. Smith and E.C. Borden and R.H. Blum},
  title   = {Interferon alfa-2b adjuvant therapy of high-risk resected cutaneous melanoma: {T}he Eastern Cooperative Oncology Group Trial EST 1684.},
  journal = {J. Clin. Oncol.},
  year    = {1996},
  volume  = {14},
  number  = {1},
  pages   = {7--17},
}

@Manual{Ignacio2020,
  title  = {npcure: {N}onparametric Estimation in Mixture Cure Models},
  author = {I. Lopez-de-Ullibarri and A. Lopez-Cheda and M. Amalia Jacome},
  year   = {2020},
  note   = {R package version 0.1-5},
  url    = {https://CRAN.R-project.org/package=npcure},
}

@Article{Calhoun2018MST,
  author  = {P. Calhoun and X. Su and M. Nunn and J. Fan},
  title   = {Constructing Multivariate Survival Trees: {T}he {MST} Package for {R}},
  journal = {Journal of Statistical Software},
  year    = {2018},
  volume  = {83},
  number  = {12},
  pages   = {1--21},
  doi     = {10.18637/jss.v083.i12},
}

@Article{andersen2010pseudo,
  author    = {P.K. Andersen and M. Pohar Perme},
  title     = {Pseudo-observations in survival analysis},
  journal   = {Statistical Methods in Medical Research},
  year      = {2010},
  volume    = {19},
  number    = {1},
  pages     = {71--99},
  publisher = {SAGE Publications Sage UK: London, England},
}

@Manual{intsurv-package,
  title  = {{intsurv}: {I}ntegrative Survival Models},
  author = {W. Wang},
  year   = {2019},
  note   = {{R} package version 0.2.1},
  url    = {https://github.com/wenjie2wang/intsurv},
}

@Article{masud2019variable,
  author    = {Masud, Abdullah Al and Yu, Zhangsheng and Tu, Wanzhu},
  title     = {Variable selection and nonlinear effect discovery in partially linear mixture cure rate models},
  journal   = {Biostatistics \& Epidemiology},
  year      = {2019},
  volume    = {3},
  number    = {1},
  pages     = {156--177},
  publisher = {Taylor \& Francis},
}

@Article{shao2014semiparametric,
  author    = {Shao, Fang and Li, Jialiang and Ma, Shuangge and Lee, Mei-Ling Ting},
  title     = {Semiparametric varying-coefficient model for interval censored data with a cured proportion},
  journal   = {Statistics in medicine},
  year      = {2014},
  volume    = {33},
  number    = {10},
  pages     = {1700--1712},
  publisher = {Wiley Online Library},
}

@Book{peng2021cure,
  title     = {Cure Models: Methods, Applications, and Implementation},
  publisher = {CRC Press},
  year      = {2021},
  author    = {Peng, Yingwei and Yu, Binbing},
}
